@ARTICLE{nuclear_receptors,
   author = {Pablo J Saez and Soledad Langeand Tomas Perez-Acle and Gareth I Owen},
   title = {Nuclear receptor genes: Evolution},
   year = {2010}
}

@ARTICLE{nursa,
author = {Neil J. McKenna and Austin J. Cooney and Francesco J. DeMayo and Michael Downes and Christopher K. Glass and Rainer B. Lanz and Mitchell A. Lazar and David J. Mangelsdorf and David D. Moore and Jun Qin and David L. Steffen and Ming-Jer Tsai and Sophia Y. Tsai and Ruth Yu and Ronald N. Margolis and Ronald M. Evans and and Bert W. O’Malley},
    title = {Minireview: Evolution of NURSA, the Nuclear Receptor Signaling Atlas},
    year = {2009}
}

@ARTICLE{mpd,
    author = {Terry P. Maddatu and Stephen C. Grubb and Carol J. Bult and Molly A. Bogue},
    title = {Mouse Phenome Database (MPD)},
    year = {2011}
}

@ARTICLE{numenclature,
    author = {PIERRE GERMAIN and BART STAELS and CATHERINE DACQUET and MICHAEL SPEDDING and VINCENT LAUDET},
    title = {Overview of Nomenclature of Nuclear Receptors},
    year = {2006}
}

@ARTICLE{proteomic,
    author = {Qiongming Liu and Chen Ding and Wanlin Liu and Lei Song and Mingwei Liu and Liang Qi and Tianyi Fu and Anna Malovannaya and Yi Wang and Jun Qin and Bei Zhen},
    title = {In-depth Proteomic Characterization of Endogenous Nuclear Receptors in Mouse Liver},
    year = {2013}
}

@ARTICLE{mgi,
    author = {Judith A. Blake and Carol J. Bult and Janan T. Eppig and James A. Kadin and Joel E. Richardson},
    title = {The Mouse Genome Database: integration of and access to knowledge about the laboratory mouse},
    year = {2013}
}

@ARTICLE{intro1,
    author = {Ali J. Marian},
    title = {Modeling Human Disease Phenotype in Model Organisms},
    year = {2011}
}

@ARTICLE{hm1,
    author = {Wishart DS and Tzur D and Knox C and Eisner R and Guo AC et al.},
    title = {HMDB: the human metabolome database.},
    year = {2007}
}

@ARTICLE{hm2,
    author = {Wishart DS and Jewison T and Guo AC and Wilson M and Knox C et al.},
    title = {HMDB 3.0: the human metabolome database.},
    year = {2013}
}

@ARTICLE{hm3,
    author = {Hao T and Ma HW and Zhao XM and Goryanin I},
    title = {Compartmentalization of the edinburgh human metabolic network.},
    year = {2010}
}

@ARTICLE{hm4,
    author = {Thiele I and Swainston N and Fleming RM and Hoppe A and Sahoo S et al.},
    title = {A community-driven global reconstruction of human metabolism.},
    year = {2013}
}

@ARTICLE{hm5,
    author = {Kanehisa M and Goto S},
    title = {Kegg: kyoto encyclopedia of genes and genomes.},
    year = {2000}
}

@ARTICLE{hm6,
    author = {Kanehisa M and Goto S and Sato Y and Kawashima M and Furumichi M et al. },
    title = {Data, information, knowledge and principle: back to metabolism in kegg.},
    year = {2014}
}

@ARTICLE{esr1_discussion,
    author = {Dahlman I and Vaxillaire M and Nilsson M and Lecoeur C and Gu HF and Cavalcanti-Proença C and Efendic S and Ostenson CG and Brismar K and Charpentier G and Gustafsson JA and Froguel P and Dahlman-Wright K and Steffensen KR.},
    title = {Estrogen receptor alpha gene variants associate with type 2 diabetes and fasting plasma glucose.},
    year = {2008}
}

@ARTICLE{thra_discussion,
    author = {Michael L Goodson and Brenda J Mengeling},
    title = {The Role of Corepressors in Thyroid Hormone-Regulated Metabolic Homeostasis },
    year = {2014}
}

@ARTICLE{esr12_discussion,
    author = {R Kato and H Ogawa},
    title = {An essential gene, ESR1, is required for mitotic cell growth, DNA repair and meiotic recombination in Saccharomyces cerevisiae.},
    year = {1994}
}

@ARTICLE{esrrg_discussion,
    author = {Michelle Percharde and Fabrice Lavial and Jia-Hui Ng and Vibhor Kumar and Rute A Tomaz and Nadine Martin and Jia-Chi Yeo and Jesús Gil and Shyam Prabhakar and Huck-Hui Ng and Malcolm G Parker and Véronique Azuara},
    title = {Ncoa3 functions as essential Esrrb coactivator to sustain embryonic stem cell self-renewal and reprogramming},
    year = {2002}
}

@ARTICLE{blood_discussion,
    author = {Luo JQ and Wang LY and He FZ and Sun NL and Tang GF and Wen JG and Luo ZY and Liu ZQ and Zhou HH and Chen XP and Zhang W.},
    title = {Effect of NR3C2 genetic polymorphisms on the blood pressure response to enalapril treatment.},
    year = {2014}
}

@ARTICLE{esrrg2_discussion,
    author = {Fellows FC and Lewis MH.},
    title = {Lysine metabolism in mammals.},
    year = {1973}
}



